<?xml version="1.0" encoding="utf-8"?>
<record xmlns="http://www.loc.gov/MARC21/slim" xmlns:xsi="http://www.w3.org/2001/XMLSchema-instance" xsi:schemaLocation="http://www.loc.gov/MARC21/slim http://www.loc.gov/standards/marcxml/schema/MARC21slim.xsd">
	<leader>     nam a22     Mi 4500</leader>
	<controlfield tag="001">4200094</controlfield>
	<controlfield tag="003">NNC</controlfield>
	<controlfield tag="006">m        d        </controlfield>
	<controlfield tag="007">cr cn |||m|||a</controlfield>
	<controlfield tag="008">190409m19459999le h    ob    000 0carard</controlfield>
	<datafield ind1=" " ind2=" " tag="040">
		<subfield code="a">ZYU</subfield>
		<subfield code="b">ara</subfield>
		<subfield code="e">rda</subfield>
		<subfield code="c">ZYU</subfield>
	</datafield>
	<datafield ind1=" " ind2=" " tag="043">
		<subfield code="a">aw-----</subfield>
	</datafield>
	<datafield ind1=" " ind2="4" tag="050">
		<subfield code="a">PJ7805.A1</subfield>
		<subfield code="b">N3</subfield>
	</datafield>
	<datafield ind1="1" ind2=" " tag="100">
		<subfield code="a">Ghazzī, Najm al-Dīn Muḥammad ibn Muḥammad,</subfield>
		<subfield code="d">1570-1651.</subfield>
	</datafield>
	<datafield ind1="1" ind2="3" tag="245">
		<subfield code="a">al-Kawākib al-sāʼirah bi-aʻyān al-miʼah al-ʻāshirah /</subfield>
		<subfield code="c">Najm al-Dīn al-Ghazzī ; ḥaqqaqahu wa-ḍabaṭa naṣṣahu Jibrāʼīl Sulaymān Jabbūr.</subfield>
	</datafield>
	<datafield ind1=" " ind2=" " tag="260">
		<subfield code="a">Bayrūt :</subfield>
		<subfield code="b">al-Maṭbaʻah al-Amīrkānīyah,</subfield>
		<subfield code="c">1945-</subfield>
	</datafield>
	<datafield ind1=" " ind2=" " tag="300">
		<subfield code="a">online resource (volumes) :</subfield>
		<subfield code="b">facsimiles</subfield>
	</datafield>
	<datafield ind1=" " ind2=" " tag="336">
		<subfield code="a">text</subfield>
		<subfield code="2">rdacontent</subfield>
	</datafield>
	<datafield ind1=" " ind2=" " tag="337">
		<subfield code="a">computer</subfield>
		<subfield code="2">rdamedia</subfield>
	</datafield>
	<datafield ind1=" " ind2=" " tag="338">
		<subfield code="a">online resource</subfield>
		<subfield code="2">rdacarrier</subfield>
	</datafield>
	<datafield ind1="1" ind2=" " tag="490">
		<subfield code="a">Manshūrāt Kullīyat ʼal-ʻUlūm wa-ʼal-ʼĀdāb / Jāmiʻah ʼal-ʼAmīrikīyah fī Bayrūt ;</subfield>
		<subfield code="v">18, 20, 29</subfield>
	</datafield>
	<datafield ind1=" " ind2=" " tag="500">
		<subfield code="a">Part of the Arabic Collections Online (ACO) project, contributed by Columbia University Libraries.</subfield>
	</datafield>
	<datafield ind1=" " ind2=" " tag="504">
		<subfield code="a">Includes bibliographical references.</subfield>
	</datafield>
	<datafield ind1=" " ind2=" " tag="533">
		<subfield code="a">Electronic reproduction.</subfield>
		<subfield code="b">New York, N.Y. :</subfield>
		<subfield code="c">New York University,</subfield>
		<subfield code="d">2019.</subfield>
		<subfield code="5">NNU</subfield>
	</datafield>
	<datafield ind1=" " ind2="0" tag="651">
		<subfield code="a">Middle East</subfield>
		<subfield code="v">Biography.</subfield>
	</datafield>
	<datafield ind1=" " ind2="7" tag="651">
		<subfield code="a">Middle East.</subfield>
		<subfield code="2">fast</subfield>
		<subfield code="0">(OCoLC)fst01241586</subfield>
	</datafield>
	<datafield ind1=" " ind2="7" tag="655">
		<subfield code="a">Biography.</subfield>
		<subfield code="2">fast</subfield>
		<subfield code="0">(OCoLC)fst01423686</subfield>
	</datafield>
	<datafield ind1="1" ind2=" " tag="700">
		<subfield code="a">Jabbūr, Jibrāʼīl Sulaymān.</subfield>
	</datafield>
	<datafield ind1="2" ind2=" " tag="710">
		<subfield code="a">Columbia University.</subfield>
		<subfield code="b">Libraries.</subfield>
	</datafield>
	<datafield ind1="0" ind2=" " tag="730">
		<subfield code="a">Arabic Collections Online.</subfield>
	</datafield>
	<datafield ind1="0" ind2="8" tag="776">
		<subfield code="i">Online version:</subfield>
		<subfield code="a">Ghazzī, Najm al-Dīn Muḥammad ibn Muḥammad, 1570-1651.</subfield>
		<subfield code="t">Kawākib al-sāʼirah bi-aʻyān al-miʼah al-ʻāshirah.</subfield>
		<subfield code="d">Bayrūt : al-Maṭbaʻah al-Amīrkānīyah, 1945-</subfield>
		<subfield code="w">(OCoLC)571877061</subfield>
	</datafield>
	<datafield ind1="0" ind2="8" tag="776">
		<subfield code="i">Print version:</subfield>
		<subfield code="a">Ghazzī, Najm al-Dīn Muḥammad ibn Muḥammad, 1570-1651.</subfield>
		<subfield code="t">al-Kawākib al-sāʼirah bi-aʻyān al-miʼah al-ʻāshirah</subfield>
		<subfield code="w">(NNC)4200094</subfield>
		<subfield code="w">(DLC)   62000582 </subfield>
		<subfield code="w">(OCoLC)10970967</subfield>
	</datafield>
	<datafield ind1=" " ind2="0" tag="830">
		<subfield code="a">Manshūrāt Kullīyat ʼal-ʻUlūm wa-ʼal-ʼĀdāb (Jāmiʻah ʼal-ʼAmīrikīyah fī Bayrut).</subfield>
		<subfield code="p">Silsilat ʼal-ʻUlūm ʼal-Sharqīyah ;</subfield>
		<subfield code="v">18.</subfield>
	</datafield>
	<datafield ind1=" " ind2="0" tag="830">
		<subfield code="a">Manshūrāt Kullīyat ʼal-ʻUlūm wa-ʼal-ʼĀdāb (Jāmiʻah ʼal-ʼAmīrikīyah fī Bayrut).</subfield>
		<subfield code="p">Silsilat ʼal-ʻUlūm ʼal-Sharqīyah ;</subfield>
		<subfield code="v">20.</subfield>
	</datafield>
	<datafield ind1=" " ind2="0" tag="830">
		<subfield code="a">Manshūrāt Kullīyat ʼal-ʻUlūm wa-ʼal-ʼĀdāb (Jāmiʻah ʼal-ʼAmīrikīyah fī Bayrut).</subfield>
		<subfield code="p">Silsilat ʼal-ʻUlūm ʼal-Sharqīyah ;</subfield>
		<subfield code="v">29.</subfield>
	</datafield>
	<datafield ind1="4" ind2="0" tag="856">
		<subfield code="u">http://hdl.handle.net/2333.1/v15dvcjj</subfield>
	</datafield>
	<datafield ind1=" " ind2=" " tag="959">
		<subfield code="a">NNU</subfield>
		<subfield code="b">WEB</subfield>
		<subfield code="c">GENI</subfield>
		<subfield code="t">0</subfield>
		<subfield code="m">Electronic access</subfield>
		<subfield code="s">01</subfield>
	</datafield>
	<datafield ind1=" " ind2=" " tag="999">
		<subfield code="i">NNC_4200094</subfield>
		<subfield code="o">(OCoLC)ocm10970967 </subfield>
		<subfield code="s">columbia_aco004008:pt.1</subfield>
		<subfield code="s">columbia_aco004006:pt.2</subfield>
		<subfield code="e">(ERROR-880)</subfield>
	</datafield>
</record>
